@paper{colley02,
	author	= "Colley, Wesley N.",
	title	= "Colley's Bias Free College Football Ranking Method: The Colley Matrix Explained",
	year	= "2002"
}